@article{ferrets_rats,
author = {Ribaya-Mercado, Judy D. and Holmgren, Sophia C. and Fox, James G. and Russell, Robert M.},
title = {Dietary Carotene Absorption and Metabolism in Ferrets and Rats},
journal = {The Journal of Nutrition},
volume = {119},
number = {4},
pages = {665-668},
year = {1989},
doi = {10.1093/jn/119.4.665},
URL = {http://dx.doi.org/10.1093/jn/119.4.665},
eprint = {/oup/backfile/content_public/journal/jn/119/4/10.1093_jn_119.4.665/4/jn1190040665.pdf}
}

@article {PMID2899444,
	Title = {Almitrine as a long term treatment for chronic obstructive pulmonary disease},
	Author = {Kauffmann, F},
	Number = {6},
	Volume = {23},
	Year = {1987},
	Journal = {Bulletin europeen de physiopathologie respiratoire},
	ISSN = {0395-3890},
	Pages = {667},
	URL = {http://europepmc.org/abstract/MED/2899444}
}

@article {PMID:3331126,
	Title = {The use of maximum expiratory flow-volume curves on air and He/O2 to assess peripheral pressure losses in the airways},
	Author = {Pedersen, OF and Ingram, RH},
	Number = {6},
	Volume = {23},
	Year = {1987},
	Journal = {Bulletin europeen de physiopathologie respiratoire},
	ISSN = {0395-3890},
	Pages = {649—662},
	URL = {http://europepmc.org/abstract/MED/3331126}
}

@article {PMID:3331125,
	Title = {Why did density dependence of maximal expiratory flows not become a useful epidemiological tool?},
	Author = {Teculescu, DB and Préfaut, C},
	Number = {6},
	Volume = {23},
	Year = {1987},
	Journal = {Bulletin europeen de physiopathologie respiratoire},
	ISSN = {0395-3890},
	Pages = {639—648},
	URL = {http://europepmc.org/abstract/MED/3331125}
}

@article {PMID:2456110,
	Title = {The role of neuropeptides as neurotransmitters of non-adrenergic, non-cholinergic nerves in bronchial asthma},
	Author = {Joos, GF and Pauwels, RA and Van der Straeten, ME},
	Number = {6},
	Volume = {23},
	Year = {1987},
	Journal = {Bulletin europeen de physiopathologie respiratoire},
	ISSN = {0395-3890},
	Pages = {619—637},
	URL = {http://europepmc.org/abstract/MED/2456110}
}

@article {PMID:3453756,
	Title = {Eicosanoids and hypoxic pulmonary vasoconstriction in normal man},
	Author = {Naeije, R and Hallemans, R and Melot, C and Boeynaems, JM and Mols, P and Lejeune, P and Rie, MA},
	Number = {6},
	Volume = {23},
	Year = {1987},
	Journal = {Bulletin europeen de physiopathologie respiratoire},
	ISSN = {0395-3890},
	Pages = {613—617},
	URL = {http://europepmc.org/abstract/MED/3453756}
}

@article {PMID:3453755,
	Title = {Day-to-day variation of bronchodilatory response to an inhaled beta-2-stimulant in asthmatics},
	Author = {Lindgren, S and Bake, B and Larsson, S},
	Number = {6},
	Volume = {23},
	Year = {1987},
	Journal = {Bulletin europeen de physiopathologie respiratoire},
	ISSN = {0395-3890},
	Pages = {607—611},
	URL = {http://europepmc.org/abstract/MED/3453755}
}

@article {PMID:3453754,
	Title = {Specific airway conductance and airway conductance-lung volume curves in normal and asthmatic subjects},
	Author = {Bylin, G and Hedenstierna, G and Rehn, T and Sundin, B},
	Number = {6},
	Volume = {23},
	Year = {1987},
	Journal = {Bulletin europeen de physiopathologie respiratoire},
	ISSN = {0395-3890},
	Pages = {599—605},
	URL = {http://europepmc.org/abstract/MED/3453754}
}

@article {PMID:3453753,
	Title = {The antibody response to methyl isocyanate: experimental and clinical findings},
	Author = {Karol, MH and Kamat, SR},
	Number = {6},
	Volume = {23},
	Year = {1987},
	Journal = {Bulletin europeen de physiopathologie respiratoire},
	ISSN = {0395-3890},
	Pages = {591—597},
	URL = {http://europepmc.org/abstract/MED/3453753}
}

@article {PMID:3453752,
	Title = {Disaster at Bhopal: the accident, early findings and respiratory health outlook in those injured},
	Author = {Weill, H},
	Number = {6},
	Volume = {23},
	Year = {1987},
	Journal = {Bulletin europeen de physiopathologie respiratoire},
	ISSN = {0395-3890},
	Pages = {587—590},
	URL = {http://europepmc.org/abstract/MED/3453752}
}

@article {PMID:2840139,
	Title = {Pathogenesis of late asthmatic reactions induced by exposure to isocyanates},
	Author = {Mapp, CE and Boschetto, P and Zocca, E and Milani, GF and Pivirotto, F and Tegazzin, V and Fabbri, LM},
	Number = {6},
	Volume = {23},
	Year = {1987},
	Journal = {Bulletin europeen de physiopathologie respiratoire},
	ISSN = {0395-3890},
	Pages = {583—586},
	URL = {http://europepmc.org/abstract/MED/2840139}
}

@article {PMID:2840138,
	Title = {Late asthmatic reactions and changes in histamine responsiveness provoked by occupational agents},
	Author = {Graneek, BJ and Durham, SR and Newman Taylor, AJ},
	Number = {6},
	Volume = {23},
	Year = {1987},
	Journal = {Bulletin europeen de physiopathologie respiratoire},
	ISSN = {0395-3890},
	Pages = {577—581},
	URL = {http://europepmc.org/abstract/MED/2840138}
}

@article {PMID:2456109,
	Title = {The development of an animal model for TDI asthma},
	Author = {Karol, MH},
	Number = {6},
	Volume = {23},
	Year = {1987},
	Journal = {Bulletin europeen de physiopathologie respiratoire},
	ISSN = {0395-3890},
	Pages = {571—576},
	URL = {http://europepmc.org/abstract/MED/2456109}
}

@article {PMID:3331124,
	Title = {Prognosis of occupational asthma induced by isocyanates},
	Author = {Paggiaro, PL and Bacci, E and Dente, FL and Talini, D and Giuntini, C},
	Number = {6},
	Volume = {23},
	Year = {1987},
	Journal = {Bulletin europeen de physiopathologie respiratoire},
	ISSN = {0395-3890},
	Pages = {565—569},
	URL = {http://europepmc.org/abstract/MED/3331124}
}

@article {PMID:3134966,
	Title = {Effects of chronic exposure to diisocyanates},
	Author = {Pham, QT and Teculescu, D and Meyer-Bisch, C and Mur, JM},
	Number = {6},
	Volume = {23},
	Year = {1987},
	Journal = {Bulletin europeen de physiopathologie respiratoire},
	ISSN = {0395-3890},
	Pages = {561—564},
	URL = {http://europepmc.org/abstract/MED/3134966}
}

@article {PMID:2840137,
	Title = {Epidemiological measurement of bronchial responsiveness in polyurethane workers},
	Author = {Hendrick, DJ},
	Number = {6},
	Volume = {23},
	Year = {1987},
	Journal = {Bulletin europeen de physiopathologie respiratoire},
	ISSN = {0395-3890},
	Pages = {555—559},
	URL = {http://europepmc.org/abstract/MED/2840137}
}

@article {PMID:3331123,
	Title = {Facts and fallacies involved in the epidemiology of isocyanate asthma},
	Author = {Diller, WF},
	Number = {6},
	Volume = {23},
	Year = {1987},
	Journal = {Bulletin europeen de physiopathologie respiratoire},
	ISSN = {0395-3890},
	Pages = {551—553},
	URL = {http://europepmc.org/abstract/MED/3331123}
}

@article {PMID:3450334,
	Title = {Circadian rhythms in respiration in health and disease with special reference to nocturnal asthma},
	Author = {Hetzel, MR},
	Number = {5},
	Volume = {23},
	Year = {1987},
	Journal = {Bulletin europeen de physiopathologie respiratoire},
	ISSN = {0395-3890},
	Pages = {536},
	URL = {http://europepmc.org/abstract/MED/3450334}
}

@article {PMID:3450333,
	Title = {Changes in pulmonary function and adrenal hormone secretion in asthmatics over a 24 hour period},
	Author = {Todisco, T and Grassi, V and Dottorini, M},
	Number = {5},
	Volume = {23},
	Year = {1987},
	Journal = {Bulletin europeen de physiopathologie respiratoire},
	ISSN = {0395-3890},
	Pages = {533—535},
	URL = {http://europepmc.org/abstract/MED/3450333}
}

@article {PMID:3450327,
	Title = {Effect of lung inhomogeneity on partial flow-volume manoeuvres},
	Author = {Fairshter, RD and Berry, RB and Lowe, JE},
	Number = {5},
	Volume = {23},
	Year = {1987},
	Journal = {Bulletin europeen de physiopathologie respiratoire},
	ISSN = {0395-3890},
	Pages = {449—455},
	URL = {http://europepmc.org/abstract/MED/3450327}
}

@article {PMID:3450326,
	Title = {Reference values of total respiratory resistance and reactance between 4 and 26 Hz in children and adolescents aged 4-20 years},
	Author = {Clément, J and Dumoulin, B and Gubbelmans, R and Hendriks, S and van de Woestijne, KP},
	Number = {5},
	Volume = {23},
	Year = {1987},
	Journal = {Bulletin europeen de physiopathologie respiratoire},
	ISSN = {0395-3890},
	Pages = {441—448},
	URL = {http://europepmc.org/abstract/MED/3450326}
}

@article {PMID:3450325,
	Title = {Maximal static respiratory pressures in adults: normal values and their relationship to determinants of respiratory function},
	Author = {Vincken, W and Ghezzo, H and Cosio, MG},
	Number = {5},
	Volume = {23},
	Year = {1987},
	Journal = {Bulletin europeen de physiopathologie respiratoire},
	ISSN = {0395-3890},
	Pages = {435—439},
	URL = {http://europepmc.org/abstract/MED/3450325}
}

@article {PMID:3450323,
	Title = {Automated measurement of respiratory mechanics in anaesthetized ventilated patients},
	Author = {Benhamou, D and Lorino, AM and Lorino, H and Zerah, F and Harf, A},
	Number = {5},
	Volume = {23},
	Year = {1987},
	Journal = {Bulletin europeen de physiopathologie respiratoire},
	ISSN = {0395-3890},
	Pages = {423—428},
	URL = {http://europepmc.org/abstract/MED/3450323}
}

@article {PMID:3450322,
	Title = {Perspectives for studying the respiratory system in microgravity},
	Author = {Paiva, M},
	Number = {5},
	Volume = {23},
	Year = {1987},
	Journal = {Bulletin europeen de physiopathologie respiratoire},
	ISSN = {0395-3890},
	Pages = {413—415},
	URL = {http://europepmc.org/abstract/MED/3450322}
}

@article {PMID:3318972,
	Title = {Pathophysiology of hypoxaemic pulmonary vascular diseases},
	Author = {Watanabe, S},
	Volume = {23 Suppl 11},
	Month = {August},
	Year = {1987},
	Journal = {Bulletin europeen de physiopathologie respiratoire},
	ISSN = {0395-3890},
	Pages = {207s—209s},
	URL = {http://europepmc.org/abstract/MED/3318972}
}

@article {PMID:3318971,
	Title = {Almitrine bismesylate: a long-term placebo-controlled double-blind study in COAD--Vectarion International Multicentre Study Group},
	Author = {Voisin, C and Howard, P and Ansquer, JC},
	Volume = {23 Suppl 11},
	Month = {August},
	Year = {1987},
	Journal = {Bulletin europeen de physiopathologie respiratoire},
	ISSN = {0395-3890},
	Pages = {169s—182s},
	URL = {http://europepmc.org/abstract/MED/3318971}
}
